02RETORNO01COBRANCA       146400137007        MARCIO DE ROURE MORAIS        341BANCO ITAU S.A.03111601600BPI02305041116                                                                                                                                                                                                                                                                                   000001
10204137174000151146400137007        29                       00000029            109000000291             I02031116          00000029            10111600000000012003414684701000000000000000000000000000000000000000000000000000000000000000000000000000000000000000000000000000000100000000000000         00000000000000000000000EDIELSON PANTOJA SANTANA                                              000002
9201341          000000000000000000000000000000          000000000000000000000000000000                                                  000000000000000000000000000000          0000000400000000252200  04/11S023050000000100000000001200                                                                                                                                                                000003
