02RETORNO01COBRANCA       146400137007        MARCIO DE ROURE MORAIS        341BANCO ITAU S.A.04111601600BPI02306071116                                                                                                                                                                                                                                                                                   000001
10204137174000151146400137007        29                       00000029            109000000291             I16041116          00000029            00000000000000000003410000001000000000000000000000000000000000000000000000000000000000000000000000000000000000000000000000000000000000000000000000         00000000000000000000000                                                     03000000       BL000002
9201341          000000000000000000000000000000          000000000000000000000000000000                                                  000000000000000000000000000000          0000000400000000252200  07/11S023060000000100000000000000                                                                                                                                                                000003
