02RETORNO01COBRANCA       146400137007        MARCIO DE ROURE MORAIS        341BANCO ITAU S.A.07111601600BPI02307081116                                                                                                                                                                                                                                                                                   000001
10204137174000151146400137007        29                       00000029            109000000291             I06041116          00000029            10111600000000012003411464701000000000039000000000000000000000000000000000000000000000000000000000000000000000000000081000000000000000000000000000   08111600000000000000000000000EDIELSON PANTOJA SANTANA                                            BL000002
9201341          000000000000000000000000000000          000000000000000000000000000000                                                  000000000000000000000000000000          0000000300000000251000  08/11S023070000000100000000001200                                                                                                                                                                000003
