10400000         00197804200016400000000000000000000000000039659        GALVAO E FRANCA SC LTDA       CAIXA ECONOMICA FEDERAL                 208082023101104802455101                         RET PRE CRI-PRODUCAO                             
10400011T0100030 0001978042000164                    000000039659        GALVAO E FRANCA SC LTDA                                                                                       00802455080820230000000000                          00   
1040001300000W 02000001 10.0VL    CEDENTE NAO CADASTRADO                                                                                                                                                                                        
10400015         00000300000000000000000000000000000000000000000000000000000000000000000000000000000000000000000000                                                                                                                             
10499999         00000100000500000000000000000000000000000000000000000000000000000000000000000000000000000000000000                                                                                                                             
