01REMESSA01COBRANCA       190600743770600     ESCOLA INTERNACIONAL DE SAO PA707BANCO DAYCOVAL 240725                                                                                                                                                                                                                                                                                                      000001
10211457993000141190600743770600                              84580109                                     601DEV123456701082500000000150007070001001N240725000000000000000000108250000000005000000000000000000000000000000100003071076207BRENO PANTOJA SILVA                     RUA LARANJEIRA, 1425                    BRASIL NOVO 68909177MACAPA         AP                                        000000002
10211457993000141190600743770600                              84580110                                     601DEV234567801082500000000150007070001001N240725000000000000000000108250000000005000000000000000000000000000000100003071076207BRENO PANTOJA SILVA                     RUA LARANJEIRA, 1425                    BRASIL NOVO 68909177MACAPA         AP                                        000000003
9                                                                                                                                                                                                                                                                                                                                                                                                         000004
