10400000         2056679630001670000000000000000000000667005263400000000MARIA DA CONCEICAO SANTOS INFOC ECON FEDERAL                          22012201601345000214804000000                    RETORNO-PRODUCAO                  000            
10400011T0100030 20056679630001670000000000000000000000667005263400000000MARIA DA CONCEICAO SANTOS INFO                                                                                00002148201220160000000000                          00   
1040001300001T 060000000526340000000   240000000000859234100000000000000020122016000000000004900104006670000000000000000          090000000000000000                                                  000000000000161020101                     
1040001300002U 06000000000000000000000000000000000000000000000000000000000000000000000004900000000000004900000000000000000000000000000000201220162112201600002112201600000000000000000000000000000000000000000000000000000000000000000000       
1040001300003T 060000000526340000000   240000000000853945100000000000000020122016000000000004900104029700000000000000000          090000000000000000                                                  000000000000161020101                     
1040001300004U 06000000000000000000000000000000000000000000000000000000000000000000000004900000000000004900000000000000000000000000000000201220162112201600002112201600000000000000000000000000000000000000000000000000000000000000000000       
1040001300005T 060000000526340000000   240000000000857371100000000000000021122016000000000005148104006670000000000000000          090000000000000000                                                  000000000000161020101                     
1040001300006U 06000000000000000000000000000000000000000000000000000000000000000000000005148000000000005148000000000000000000000000000000201220162112201600002112201600000000000000000000000000000000000000000000000000000000000000000000       
1040001300007T 060000000526340000000   240000000000857517100000000000000020122016000000000004900104029700000000000000000          090000000000000000                                                  000000000000149060101                     
1040001300008U 06000000000000000000000000000000000000000000000000000000000000000000000004900000000000004900000000000000000000000000000000201220162112201600002112201600000000000000000000000000000000000000000000000000000000000000000000       
1040001300009T 060000000526340000000   240000000000859005100000000000000020122016000000000010121104015750000000000000000          090000000000000000                                                  000000000000161020101                     
1040001300010U 06000000000000000000000000000000000000000000000000000000000000000000000010121000000000010121000000000000000000000000000000201220162112201600002112201600000000000000000000000000000000000000000000000000000000000000000000       
1040001300011T 060000000526340000000   240000000000857720100000000000000020122016000000000004900001045360000000000000000          090000000000000000                                                  000000000000326040101                     
1040001300012U 06000000000000000000000000000000000000000000000000000000000000000000000004900000000000004900000000000000000000000000000000201220162112201600002112201600000000000000000000000000000000000000000000000000000000000000000000       
1040001300013T 060000000526340000000   240000000000857754100000000000000020122016000000000004900033009100000000000000000          090000000000000000                                                  000000000000326040101                     
1040001300014U 06000000000000000000000000000000000000000000000000000000000000000000000004900000000000004900000000000000000000000000000000201220162112201600002112201600000000000000000000000000000000000000000000000000000000000000000000       
1040001300015T 060000000526340000000   240000000000719068100000000000000020122016000000000004900237018140000000000000000          090000000000000000                                                  000000000000326040101                     
1040001300016U 06000000000000000000000000000000000000000000000000000000000000000000000004900000000000004900000000000000000000000000000000201220162112201600002112201600000000000000000000000000000000000000000000000000000000000000000000       
1040001300017T 060000000526340000000   240000000000859021100000000000000015122016000000000004900104022560000000000000000          090000000000000000                                                  000000000000161020101                     
1040001300018U 06000000000000000000000000000000000000000000000000000000000000000000000004900000000000004900000000000000000000000000000000201220162112201600002112201600000000000000000000000000000000000000000000000000000000000000000000       
1040001300019T 060000000526340000000   240000000000859293100000000000000020122016000000000004900237004860000000000000000          090000000000000000                                                  000000000000326040101                     
1040001300020U 06000000000000000000000000000000000000000000000000000000000000000000000004900000000000004900000000000000000000000000000000201220162112201600002112201600000000000000000000000000000000000000000000000000000000000000000000       
1040001300021T 060000000526340000000   240000000000724215100000000000000020122016000000000005123104046990000000000000000          090000000000000000                                                  000000000000161020101                     
1040001300022U 06000000000000000000000000000000000000000000000000000000000000000000000005123000000000005123000000000000000000000000000000201220162112201600002112201600000000000000000000000000000000000000000000000000000000000000000000       
1040001300023T 060000000526340000000   240000000000859390100000000000000020122016000000000014700756011330000000000000000          090000000000000000                                                  000000000000326040101                     
1040001300024U 06000000000000000000000000000000000000000000000000000000000000000000000014700000000000014700000000000000000000000000000000201220162112201600002112201600000000000000000000000000000000000000000000000000000000000000000000       
1040001300025T 060000000526340000000   240000000000859676100000000000000020122016000000000009800104015750000000000000000          090000000000000000                                                  000000000000161020101                     
1040001300026U 06000000000000000000000000000000000000000000000000000000000000000000000009800000000000009800000000000000000000000000000000201220162112201600002112201600000000000000000000000000000000000000000000000000000000000000000000       
1040001300027T 060000000526340000000   240000000000859986100000000000000025122016000000000014700104022560000000000000000          090000000000000000                                                  000000000000161020101                     
1040001300028U 06000000000000000000000000000000000000000000000000000000000000000000000014700000000000014700000000000000000000000000000000201220162112201600002112201600000000000000000000000000000000000000000000000000000000000000000000       
1040001300029T 060000000526340000000   240000000000860496100000000000000020122016000000000004900104022560000000000000000          090000000000000000                                                  000000000000161020101                     
1040001300030U 06000000000000000000000000000000000000000000000000000000000000000000000004900000000000004900000000000000000000000000000000201220162112201600002112201600000000000000000000000000000000000000000000000000000000000000000000       
1040001300031T 060000000526340000000   240000000000860992100000000000000020122016000000000004900104036410000000000000000          090000000000000000                                                  000000000000149060101                     
1040001300032U 06000000000000000000000000000000000000000000000000000000000000000000000004900000000000004900000000000000000000000000000000201220162112201600002112201600000000000000000000000000000000000000000000000000000000000000000000       
1040001300033T 060000000526340000000   240000000000861808100000000000000025122016000000000009800104000130000000000000000          090000000000000000                                                  000000000000161020101                     
1040001300034U 06000000000000000000000000000000000000000000000000000000000000000000000009800000000000009800000000000000000000000000000000201220162112201600002112201600000000000000000000000000000000000000000000000000000000000000000000       
1040001300035T 060000000526340000000   240000000000856871100000000000000020122016000000000005123237011470000000000000000          090000000000000000                                                  000000000000326040101                     
1040001300036U 06000000000000000000000000000000000000000000000000000000000000000000000005123000000000005123000000000000000000000000000000201220162112201600002112201600000000000000000000000000000000000000000000000000000000000000000000       
1040001300037T 060000000526340000000   240000000000857673100000000000000020122016000000000004900104037240000000000000000          090000000000000000                                                  000000000000161020101                     
1040001300038U 06000000000000000000000000000000000000000000000000000000000000000000000004900000000000004900000000000000000000000000000000201220162112201600002112201600000000000000000000000000000000000000000000000000000000000000000000       
1040001300039T 060000000526340000000   240000000000836692100000000000000020122016000000000004900104046990000000000000000          090000000000000000                                                  000000000000161020101                     
1040001300040U 06000000000000000000000000000000000000000000000000000000000000000000000004900000000000004900000000000000000000000000000000201220162112201600002112201600000000000000000000000000000000000000000000000000000000000000000000       
1040001300041T 060000000526340000000   240000000000853783100000000000000020122016000000000005123237018400000000000000000          090000000000000000                                                  000000000000326040101                     
1040001300042U 06000000000000000000000000000000000000000000000000000000000000000000000005123000000000005123000000000000000000000000000000201220162112201600002112201600000000000000000000000000000000000000000000000000000000000000000000       
1040001300043T 060000000526340000000   240000000000827723100000000000000015122016000000000009800104006670000000000000000          090000000000000000                                                  000000000000161020101                     
1040001300044U 06000000000000000000000000000000000000000000000000000000000000000000000009800000000000009800000000000000000000000000000000201220162112201600002112201600000000000000000000000000000000000000000000000000000000000000000000       
1040001300045T 060000000526340000000   240000000000832484100000000000000020122016000000000005248001034850000000000000000          090000000000000000                                                  000000000000326040101                     
1040001300046U 06000000000000000000000000000000000000000000000000000000000000000000000005248000000000005248000000000000000000000000000000201220162112201600002112201600000000000000000000000000000000000000000000000000000000000000000000       
1040001300047T 060000000526340000000   240000000000833332100000000000000025122016000000000004900104022560000000000000000          090000000000000000                                                  000000000000161020101                     
1040001300048U 06000000000000000000000000000000000000000000000000000000000000000000000004900000000000004900000000000000000000000000000000201220162112201600002112201600000000000000000000000000000000000000000000000000000000000000000000       
1040001300049T 060000000526340000000   240000000000853252100000000000000020122016000000000008308237018400000000000000000          090000000000000000                                                  000000000000326040101                     
1040001300050U 06000000000000000000000000000000000000000000000000000000000000000000000008308000000000008308000000000000000000000000000000201220162112201600002112201600000000000000000000000000000000000000000000000000000000000000000000       
1040001300051T 060000000526340000000   240000000000836250100000000000000020122016000000000014700341006370000000000000000          090000000000000000                                                  000000000000326040101                     
1040001300052U 06000000000000000000000000000000000000000000000000000000000000000000000014700000000000014700000000000000000000000000000000201220162112201600002112201600000000000000000000000000000000000000000000000000000000000000000000       
1040001300053T 060000000526340000000   240000000000836307100000000000000020122016000000000005123104029700000000000000000          090000000000000000                                                  000000000000161020101                     
1040001300054U 06000000000000000000000000000000000000000000000000000000000000000000000005123000000000005123000000000000000000000000000000201220162112201600002112201600000000000000000000000000000000000000000000000000000000000000000000       
1040001300055T 060000000526340000000   240000000000836595100000000000000025122016000000000004900104046990000000000000000          090000000000000000                                                  000000000000149060101                     
1040001300056U 06000000000000000000000000000000000000000000000000000000000000000000000004900000000000004900000000000000000000000000000000201220162112201600002112201600000000000000000000000000000000000000000000000000000000000000000000       
1040001300057T 060000000526340000000   240000000000833499100000000000000020122016000000000005248104006670000000000000000          090000000000000000                                                  000000000000161020101                     
1040001300058U 06000000000000000000000000000000000000000000000000000000000000000000000005248000000000005248000000000000000000000000000000201220162112201600002112201600000000000000000000000000000000000000000000000000000000000000000000       
1040001300059T 060000000526340000000   240000000000837486100000000000000015122016000000000004900104037240000000000000000          090000000000000000                                                  000000000000161020101                     
1040001300060U 06000000000000490000000000000000000000000000000000000000000000000000000005390000000000005390000000000000000000000000000000201220162112201600002112201600000000000000000000000000000000000000000000000000000000000000000000       
1040001300061T 060000000526340000000   240000000000837940100000000000000020122016000000000004900001016100000000000000000          090000000000000000                                                  000000000000326040101                     
1040001300062U 06000000000000000000000000000000000000000000000000000000000000000000000004900000000000004900000000000000000000000000000000201220162112201600002112201600000000000000000000000000000000000000000000000000000000000000000000       
1040001300063T 060000000526340000000   240000000000838121100000000000000020122016000000000009800104036410000000000000000          090000000000000000                                                  000000000000149060101                     
1040001300064U 06000000000000000000000000000000000000000000000000000000000000000000000009800000000000009800000000000000000000000000000000201220162112201600002112201600000000000000000000000000000000000000000000000000000000000000000000       
1040001300065T 060000000526340000000   240000000000838989100000000000000020122016000000000004900104006670000000000000000          090000000000000000                                                  000000000000161020101                     
1040001300066U 06000000000000000000000000000000000000000000000000000000000000000000000004900000000000004900000000000000000000000000000000201220162112201600002112201600000000000000000000000000000000000000000000000000000000000000000000       
1040001300067T 060000000526340000000   240000000000840983100000000000000025122016000000000004900001036410000000000000000          090000000000000000                                                  000000000000326040101                     
1040001300068U 06000000000000000000000000000000000000000000000000000000000000000000000004900000000000004900000000000000000000000000000000201220162112201600002112201600000000000000000000000000000000000000000000000000000000000000000000       
1040001300069T 060000000526340000000   240000000000847155100000000000000020122016000000000008308001034810000000000000000          090000000000000000                                                  000000000000326040101                     
1040001300070U 06000000000000000000000000000000000000000000000000000000000000000000000008308000000000008308000000000000000000000000000000201220162112201600002112201600000000000000000000000000000000000000000000000000000000000000000000       
1040001300071T 060000000526340000000   240000000000837923100000000000000015122016000000000004900104046990000000000000000          090000000000000000                                                  000000000000161020101                     
1040001300072U 06000000000000000000000000000000000000000000000000000000000000000000000004900000000000004900000000000000000000000000000000201220162112201600002112201600000000000000000000000000000000000000000000000000000000000000000000       
10400015         00007400000000000000000000000000000000000000000000000000000000000000000000000000000000000000000000                                                                                                                             
10499999         000001000076                                                                                                                                                                                                                   
