03300000        2000012312212356330000000106682                         EMPRESA ABC                   BANCO SANTANDER                         110012025      000001040                                                                          
03300011R01  030 2000012312212356                    330000000106682     EMPRESA ABC                                                                                                   0000000110012025                                         
0330001300001P 013300601234567890123456789  0000000000507511  0000000000000432203202500000000001005500000 02N22032025300000000000000000000015022032025000000000000000000000000000000000000000000000507                      305109000           
0330001300002Q 011000012312212356JOSE DA SILVA ALVES                     RUA DOS DEVELOPERS,123 SL 103           BAIRRO DA INSON00012345LONDRINA       PR0000000000000000                                        000000000000                   
0330001300003R 01000000000000000000000000                        122032025000000000003000                                                                                                                                                       
03300015         000005                                                                                                                                                                                                                         
03399999         000001000007                                                                                                                                                                                                                   
