03300000        200001231221235612345678901234567168                         EMPRESA ABC                   BANCO SANTANDER                         118042018      000001040                                                                          
03300011R01  030 2000012312212356                    12345678901234567168     EMPRESA ABC                                                                                                   0000000118042018                                         
0330001300001P 013300601234567890000106682  0000000000050511  0000000000000430904201600000000001000000000 01N0904201600000000000000000000001500904201600000000000000000000000000000000000000000000050                       305109000           
0330001300002Q 011000012312212356JOSE DA SILVA ALVES                     RUA DOS DEVELOPERS,123 SL 103           BAIRRO DA INSON12345123LONDRINA       PR0000000000000000                                        000000000000                   
0330001300003R 01000000000000000000000000                        109042016000000000003000                                                                                                                                                       
0330001300004P 013300601234567890000106682  0000000000050511  0000000000000430904201600000000001000000000 01N0904201600000000000000000000001500904201600000000000000000000000000000000000000000000050                       305109000           
0330001300005Q 011000012312212356JOSE DA SILVA ALVES                     RUA DOS DEVELOPERS,123 SL 103           BAIRRO DA INSON12345123LONDRINA       PR0000000000000000                                        000000000000                   
0330001300006R 01000000000000000000000000                        109042016000000000003000                                                                                                                                                       
03300015         000008                                                                                                                                                                                                                         
03399999         000001000010                                                                                                                                                                                                                   
