01REMESSA01COBRANCA       190600743770600     ESCOLA INTERNACIONAL DE SAO PA707BANCO DAYCOVAL 230725                                                                                                                                                                                                                                                                                                      000001
10211457993000141190600743770600                              12345678                                     101DEV123456721039500000000150007070001901N230725000000000000000002103950000000005000000000000000000000000000000100003071076207BRENO PANTOJA SILVA                     LARANJEIRA                              BRASIL NOVO 68909177MACAPA         AP                                        000000001
9                                                                                                                                                                                                                                                                                                                                                                                                         000001
