10400000         2041371740001510000000000000000000000804436384100000000MARCIO DE ROURE MORAIS   ME   C ECON FEDERAL                          20811201601384300003204000000                    RETORNO-PRODUCAO                  000            
10400011T0100030 20041371740001510000000000000000000000804436384100000000MARCIO DE ROURE MORAIS   ME                                                                                   00000032081120160000000000                          00   
1040001300001T 060000003638410000000   1400000000000003161               11112016000000000000800341014640                         090000000000000000                                                  000000000000590040101                     
1040001300002U 06000000000000000000000000000000000000000000000000000000000000000000000000800000000000000800000000000000000000000000000000081120160911201600000911201600000000000000000000000000000000000000000000000000000000000000000000       
1040001300003T 280000003638410000000                     0               00000000000000000000000000000000                         000000000000000000                                                  0000000000000000000000000                 
1040001300004U 280000000000000000000000000000000000000000000000000000000000000000000000000000000000000000000000000000000000000000000000000811201600000000000008112016000000000000000                              000                           
10400015         00000600000000000000000000000000000000000000000000000000000000000000000000000000000000000000000000                                                                                                                             
10499999         000001000008                                                                                                                                                                                                                   
