75600000         233589063000184                    04190000000000738080BDOUGLAS TECH                 SICOOB                                  21112201814435600000208500000                                                                     
75600011T01  043 2033589063000184          428000000004190000000000738080BDOUGLAS TECH                                                                                                 000000001112201800000000                                 
7560001300001T 1104280000000000737680000000501801014     150             10122018000000000000600756042800501                      091000007261289288BRENO DOUGLAS                           00000000000000000000000000000000000                 
7560001300002U 110000000000000000000000000000000000000000000000000000000000000000000000000000000000000000000000000000000000000000000000001112201800000000    00000000000000000000000                              75600000000000000000000       
7560001300003T 0604280000000000737680000000050001014     150             1012201800000000000060075604280050                       091000007261289288BRENO DOUGLAS                           0000000000000000000000000000000AFHA                 
7560001300004U 060000000000000000000000000000000000000000000000000000000000000000000000000000000000000000000000000000000000000000000000001112201800000000    00000000000000000000000                              75600000000000000000000       
7560001300005T 0304280000000000737680000000050001014     150             1012201800000000000060075604280050                       091000007261289288BRENO DOUGLAS                           00000000000000000000000000000000009                 
7560001300006U 010000000000000000000000000000000000000000000000000000000000000000000000000000000000000000000000000000000000000000000000001112201800000000    00000000000000000000000                              75600000000000000000000       
7560001300007T 0304280000000000737680000000050002014     150             1212201800000000000040075604280050                       091000007261289288BRENO DOUGLAS                           00000000000000000000000000000000009                 
7560001300008U 030000000000000000000000000000000000000000000000000000000000000000000000000000000000000000000000000000000000000000000000001112201800000000    00000000000000000000000                              75600000000000000000000       
7560001300009T 0304280000000000737680000000050002014     150             1212201800000000000040075604280050                       091000007261289288BRENO DOUGLAS                           0000000000000000000000000000000AFHA                 
7560001300010U 030000000000000000000000000000000000000000000000000000000000000000000000000000000000000000000000000000000000000000000000001112201800000000    00000000000000000000000                              75600000000000000000000       
75600015         00001200001700000000000008600000000000000000000000000000000000000000000000000000000000000000000000                                                                                                                             
75699999         000001000014000000                                                                                                                                                                                                             
