10400000         2041371740001510000000000000000000000804036384100000000SUPRITEC INFORMATICA & INTERNECAIXA ECONOMICA FEDERAL                 50811201612205700000105000000REMESSA REJEITADA   RET PRE CRI-PRODUCAO                             
10400001T0100030 2004137174000151                    008040363841        SUPRITEC INFORMATICA & INTERNE                                                                                00000001081120160000000000                          00   
1040000300001W 02000001 18.088                                                                                                                                                                                                                  
10400005         00000300000000000000000000000000000000000000000000000000000000000000000000000000000000000000000000                                                                                                                             
10499999         000001000005                                                                                                                                                                                                                   
