10400000         2000123122123560000000000000000000001234112345600000000EMPRESA ABC                   CAIXA ECONOMICA FEDERAL                 11304201613181000000105000000                    REMESSA-PRODUCAO                                 
10400011R0100030 20000123122123561234560000000000000001234112345600000000EMPRESA ABC                                                                                                   000000011304201600000000                                 
1040001300002P 010123411234560000000000014000000000000001112201              0904201600000000001000000000002N090420163000000000000000000000150090420160000000000000000000000000000000000000000000001                        205190 090000000000 
1040001300003Q0012000012312212356JOSE DA SILVA ALVES                     RUA DOS DEVELOPERS,123 SL 103           BAIRRO DA INSON12345123LONDRINA       PR0000000000000000                                        000                            
1040001300004R001000000000000000000000000000000000000000000000000 09042016000000000000000                                                                                          ROGERIO@CIATEC.NET                                           
10400015         000005000001000000000000100000000000000000000000000000000000000000000000000                                                                                                                                                    
10499999         000001000007                                                                                                               