02RETORNO01COBRANÇA       33000000106682032646MARIA DA CONCEICAO SANTOS - IN756 - BANCOOB S/A 2511160000003                                                                                                                                                                                                                                                                                               000001
10205667963000167330000000326460000006                        00000000006001000000DM 00000000000000000000 01062411166                             041216000000000100010406670012511160000198000000000000000000000000000000000000000000000000000000000000000000000000001000000000000000000000000000000000000000000000000000000010000000000000          0008234707728700000000000000000000000000000000000000000002
9027563300SICOOB LOJICRED          RUA 1                                             SETOR CENTRAL                 74013010Goiânia                       GO251120160000000100000000000                                                                                                                                                                                                                    000003
